<?xml version="1.0" encoding="UTF-8"?><record xmlns="http://www.loc.gov/MARC21/slim" xmlns:cinclude="http://apache.org/cocoon/include/1.0" xmlns:zs="http://www.loc.gov/zing/srw/">
  <leader>00357cz  a2200121n  4500</leader>
  <controlfield tag="001">n  92058253 </controlfield>
  <controlfield tag="003">DLC</controlfield>
  <controlfield tag="005">19950214120609.6</controlfield>
  <controlfield tag="008">920530n| acannaab|          |n aaa |||  </controlfield>
  <datafield tag="010" ind1=" " ind2=" ">
    <subfield code="a">n  92058253 </subfield>
  </datafield>
  <datafield tag="040" ind1=" " ind2=" ">
    <subfield code="a">DLC</subfield>
    <subfield code="c">DLC</subfield>
    <subfield code="d">DLC</subfield>
  </datafield>
  <datafield tag="100" ind1="1" ind2="0">
    <subfield code="a">Akyol, M. Cihat,</subfield>
    <subfield code="d">1921-</subfield>
  </datafield>
  <datafield tag="670" ind1=" " ind2=" ">
    <subfield code="a">His Kontr-gerilla, 1990:</subfield>
    <subfield code="b">t.p. (M. Cihat Akyol) p. 345  (b. Erzincan, 1921; retired general)</subfield>
  </datafield>
</record>